%
% BibTex Database
% ===========================================================================
% This is part of the document "Project documentation template".
% Authors: brd3
%

@misc{RFC5246,
  author = {T. Dierks},
  title = {The Transport Layer Security (TLS) Protocol Version 1.2},
  url = {https://tools.ietf.org/html/rfc5246},
  MONTH = "August",
	YEAR = "2008",
	NOTE = "Accessed on 02.01.2019",
}

